@Article{amanatideswoo87,
author = {J. Amanatides and A. Woo},
title = {A fast voxel traversal algorithm for ray tracing},
journal = {Eurographics},
year = {1987},
volume = {3}
}
@INPROCEEDINGS{6047190, 
author={J. Fang and A. L. Varbanescu and H. Sips}, 
booktitle={2011 International Conference on Parallel Processing}, 
title={A Comprehensive Performance Comparison of CUDA and OpenCL}, 
year={2011}, 
pages={216-225}, 
keywords={benchmark testing;computer graphic equipment;coprocessors;multiprocessing systems;parallel architectures;parallel programming;parallelising compilers;CUDA;NVIDIA GPU;OpenCL portability;architectural detail;compilers;optimization strategy;performance comparison;performance gap;programming model;Benchmark testing;Computational modeling;Graphics processing unit;Kernel;Performance evaluation;Programming;CUDA;OpenCL;Performance Comparison}, 
doi={10.1109/ICPP.2011.45}, 
ISSN={0190-3918}, 
month={Sept},}
@Article{gobbetti08,
author="Enrico Gobbetti and Fabio Marton and Antonio Jos{\'e} Iglesias Guiti{\'a}n ",
title="A single-pass GPU ray casting framework for interactive out-of-core rendering of massive volumetric datasets",
journal="The Visual Computer",
year="2008",
volume="24",
number="7",
pages="797--806",
issn="1432-2315",
doi="10.1007/s00371-008-0261-9"
}
@Article{forstmann11,
author = {S. Forstmann and J. Ohya},
title = {Efficient, High-Quality, GPU-Based Visualization of Voxelized Surface Data with Fine and Complicated Structures},
journal = {IEICE TRANSACTIONS on Information and Systems },
year = {2011}
}
@Article{fujimoto85,
author = {A. Fujimoto and K. Iwata},
title = {Accelerated Ray Tracing},
journal = {Proc. CG Tokyo},
year = {1985},
pages = {41-65}
}
@Article{bresenham65,
author = {Jack E. Bresenham},
title = {Algorithm for Computer Control of a Digital Plotter},
journal = {IBM Systems Journal},
year = {1965},
volume = {4},
number = {1},
pages = {25-30},
}
@Manual{s3tc,
title = {S3TC DirectX 6.0 Standard Texture compression},
OPTkey = {•},
OPTauthor = {•},
organization = {S3 Corp.},
address = {http://www.s3.com/savage3d/s3tc.pdf},
}
@Article{stateoftheart14,
author = {M. Balsa Rodríguez and E. Gobbetti and J.A. Iglesias Guitián and M. Makhinya and F. Marton and R. Pajarola and S.K. Suter},
title = {State-of-the-Art in Compressed GPU-Based Direct Volume Rendering},
journal = {Computer Graphics Forum},
year = {2014},
OPTkey = {•},
number = {33},
pages = {771-100},
note = {doi: 10.1111/cgf.12280}
}
@Article{levoy90,
author = {M. Levoy},
title = {Display of surfaces from volume data},
journal = {IEEE Comput. Graphics},
year = {1990},
volume = {9},
number = {3},
pages = {245-261},
}
@MISC{amanatides84,
    author = {John Amanatides},
    title = {Ray Tracing with Cones},
    year = {1984},
    journal ={Siggraph}
}
@PhdThesis{crassin11,
author = {Cyril Crassin},
title = {GigaVoxels: A Voxel-Based Rendering Pipeline For Efficient Exploration Of Large And Detailed Scenes},
school = {L'UNIVERSITÉ DE GRENOBLE},
year = {2011},
OPTkey = {•},
OPTtype = {•},
OPTaddress = {•},
OPTmonth = {•},
OPTnote = {•},
OPTannote = {•}
}
@Article{acceleratedgrid07,
author = {Alphan Es and Veysi Is ̧ler},
title = {Accelerated regular grid traversals using extended anisotropic chessboard distance fields on a parallel stream processor},
journal = {Journal of Parallel and Distributed Computing},
year = {2007},
volume = {2007},
number = {67},
pages = {1201-1217}
}
@Article{wavelet99,
author = {T. Kim and Y. Shin},
title = {An efficient wavelet-based compression method for volume rendering},
journal = {Proceedings. Seventh Pacific Conference on Computer Graphics and Applications},
year = {1999},
pages = {147 - 156},
doi={10.1109/PCCGA.1999.803358}
}
@Book{waveletbook99,
ALTauthor = {Stephen Welstead},
title = {Fractal and Wavelet Image Compression Techniques},
publisher = {SPIE Press},
year = {1999},
doi={10.1117/3.353798},
OPTnote = {ISBN: 9780819435033}
}
@Article{cosinetransform94,
author = {Andrew B. Watson},
title = {Image Compression Using the Discrete Cosine Transform},
journal = {Mathematica Journal},
year = {1994},
volume = {4},
number = {1},
pages = {81-88}
}
@InProceedings{efficientsvo10,
author = {Samuli Laine and Tero Karras},
title = {Efficient Sparse Voxel Octrees},
booktitle = {Proceedings of I3D 2010},
year = {2010},
OPTorganization = {NVIDIA Corporation}
}
%
@InProceedings{schwarz10,
author = {Nicholas Schwarz and Jason Leigh},
title = {Distribution Volume Rendering for Scalable High-Resolution Display Arrays},
booktitle = {GRAPP- International Conference on Computer Graphics Theory and Applications},
year = {2010},
pages ={211-218}
}
@InProceedings{bajaj2000,
author = {Chandrajit Bajaj and Insung Ihm and Sanghun Park and Dongsub Song},
title = {Compression-based ray casting of very large volume data in distributed environments},
booktitle = {The Fourth International Conference/Exhibition on High Performance Computing in the Asia-Pacific Region.},
pages = {720 - 725},
year = {2000},
volume = {2},
doi={10.1109/HPC.2000.843533}
}
@Misc{voxel13,
author={Cotter},
title={OpenCL Voxel Raycaster},
year={2013},
note = {http://ttic.uchicago.edu/~cotter/projects/voxel/},
annote={August 2016}
}
@InBook{glassner89,
author = {A. Glassner et al.},
title = {An Introduction to Ray Tracing},
chapter = {Ray - Box intersections},
publisher = {Academic Press},
year = {1989}
}
@Article{williams05,
author = {Amy Williams and Steve Barrus and R. Keith Morley and Peter Shirley},
title = {An Efficient and Robust Ray–Box Intersection Algorithm},
journal = {Journal of Graphics Tools},
year = {2005}
}
@Misc{barnes11,
author = {Tavian Barnes},
title = {FAST, BRANCHLESS RAY/BOUNDING BOX INTERSECTIONS},
url = {https://tavianator.com/fast-branchless-raybounding-box-intersections/},
howpublished = {website},
year = {2011},
note = {visited August 2016}
}
@Article{vbgi,
author = {Sinje Thiedemann and Niklas Henrich and Thorsten Grosch and Stefan Müller},
title = {Voxel-based Global Illumination},
journal = {I3D Symposium on Interactive 3D Graphics and Games},
year = {2011}
}
@Article{stolte95,
author = {Nilo Stolte and Rene Caubet},
title = {Discrete Ray-Tracing of Huge Voxel Spaces},
journal = {EG Computer Graphics Forum},
year = {1995},
OPTvolume = {14},
OPTnumber = {3},
OPTpages = {383-394},
OPTmonth = {August}
}
@inproceedings{qsplat,
 author = {Rusinkiewicz, Szymon and Levoy, Marc},
 title = {QSplat: A Multiresolution Point Rendering System for Large Meshes},
 booktitle = {Proceedings of the 27th Annual Conference on Computer Graphics and Interactive Techniques},
 series = {SIGGRAPH '00},
 year = {2000},
 isbn = {1-58113-208-5},
 pages = {343--352},
 doi = {10.1145/344779.344940},
 publisher = {ACM Press/Addison-Wesley Publishing Co.}
} 
@inproceedings{shearwarp,
  title={Shear-warp deluxe: The shear-warp algorithm revisited},
  author={Sweeney, Jon and Mueller, Klaus},
  booktitle={Joint Eurographics-IEEE TCVG Symposium on Visualization 2002},
  pages={95--104},
  year={2002}
}
@TechReport{ssao,
author = {Louis Bavoil and Miguel Sainz},
title = {Screen Space Ambient Occlusion},
institution = {NVidia Corporation},
year = {2008},
month = {september}
}
@inproceedings{sung91,
  title={A DDA Octree Traversal Algorithm for Ray Tracing},
  author={Sung, Kelvin},
  booktitle={Eurographics},
  volume={91},
  pages={73--85},
  year={1991}
}
@article{eisemann04,
  title={Flash photography enhancement via intrinsic relighting},
  author={Eisemann, Elmar and Durand, Fr{\'e}do},
  journal={ACM transactions on graphics (TOG)},
  volume={23},
  number={3},
  pages={673--678},
  year={2004},
  publisher={ACM}
}
@article{yagel92,
  title={Normal estimation in 3 D discrete space},
  author={Yagel, Roni and Cohen, Daniel and Kaufman, Arie},
  journal={The visual computer},
  volume={8},
  number={5-6},
  pages={278--291},
  year={1992},
  publisher={Springer}
}
@InProceedings{crow77,
author = {Franklin C. Crow},
title = {The aliasing problem in computer-generated shaded images},
booktitle = {Communications of the ACM},
pages = {799–805},
year = {1977},
month = {November}
}
